@ONLINE {officialsite,
    title = {https://neo4j.com/}
}
@ONLINE {github_src,
    title = {https://github.com/neo4j/neo4j/blob/4d5917cbc1554dcf19cccd69a392b87a9704fb6f/community/shell/src/main/java/org/neo4j/shell/impl/ShellTabCompleter.java}
}
@ONLINE {github,
    title = {https://github.com/neo4j/neo4j}
}
@ONLINE {se,
    title = {https://stackoverflow.com/search?q=\%5Bneo4j\%5D+auto-complete}
}
